@article{khemakhem_kingma_hyvärinen_2019,
title={Variational autoencoders and nonlinear ICA: A unifying framework},
url={https://arxiv.org/abs/1907.04809v1},
journal={arXiv.org},
author={Khemakhem, Ilyes and Kingma, Diederik P. and Hyvärinen, Aapo},
year={2019}, month={Jul}}
